@article{vrpNP,
  title={供应链中车辆路径问题的研究进展及前景},
  author={祝崇隽;刘民;吴澄;},
  journal={计算机集成制造系统},
  volume={007},
  number={011},
  pages={1-6},
  year={2001},
}

@article{wuyanqun,
   title={供应链中车辆路径问题的改进模拟退火算法},
   author={吴艳群;董鹏;},
   authoraddress={兰州交通大学交通运输学院;},
   journal={计算机工程与应用},
   year={2016},
   volume={52},
   number={12},
   pages={256-260},
   keywords={供应链优化;物流配送;车辆路径问题;模拟退火算法},
   abstract={车辆路径的优化是供应链优化中的重要环节。设计了一种改进的模拟退火算法用于求解有客户需求、车辆最大载重量和最大行驶距离三个约束条件的车辆路径问题。主要改进在于},
   isbn/issn={1002-8331},
   notes={11-2127/tp},
   url={http://www.cnki.net/kcms/detail/11.2127.TP.20160120.1503.020.html},
   databaseprovider={cnki},
}

@Book{wuling,
  author        = {王凌},
  publisher     = {清华大学出版社},
  title         = {智能优化算法及其应用},
  year          = {2016},
  address       = {北京},
}

@inproceedings{1997Heuristic,
  title={Heuristic and randomized optimization for the join ordering problem},
  author={ Steinbrunn, M.  and  Moerkotte, G.  and  Kemper, A. H. },
  booktitle={Springer-VerlagPUB3755Berlin, Heidelberg},
  year={1997},
}

@book{2020Surrogates,
  title={Surrogates: Gaussian Process Modeling, Design, and Optimization for the Applied Sciences},
  author={ Gramacy, R. B. },
  publisher={Surrogates: Gaussian Process Modeling, Design, and Optimization for the Applied Sciences},
  year={2020},
  address = { },
}

@Comment{jabref-meta: databaseType:bibtex;}
